0130001    00794EUR2 12345678901  090216                                                  0000000000190E                
0430001006400794EUR2E1234567890129100216  100216RETRAIT G.A.B.       064    000  00008890 0000000005607L                
0530001006400794EUR2 1234567890129100216     LIB*WASHINGTOK AVE LE 08/02/16  CB.920027136                               
0530001006400794EUR2 1234567890129100216     LIBMT D'ORIGINE USA 60300                                                  
0530001006400794EUR2 1234567890129100216     LIB1 USD = 0,90220563 EUR                                                  
0430001006400794EUR2E1234567890129100216  100216RETRAIT G.A.B.       064    000  00008777 0000000003757P                
0530001006400794EUR2 1234567890129100216     LIB*WASHINGTON AVE LE 08/02/16  CB.920027136                               
0530001006400794EUR2 1234567890129100216     LIBMT D'ORIGINE USA 40300                                                  
0530001006400794EUR2 1234567890129100216     LIB1 USD = 0,90220843 EUR                                                  
0530001006400794EUR2 1234567890129100216     LIBCOMMISSION DE SERVICE 12,18 EUR                                         
0430001006400794EUR2E1234567890129100216  100216RETRAIT G.A.B.       064    000  00008890 0000000005607L                
0530001006400794EUR2 1234567890129100216     LIB*WASHINGTOK AVE LE 08/02/16  CB.920027136                               
0530001006400794EUR2 1234567890129100216     LIBMT D'ORIGINE USA 60300                                                  
0530001006400794EUR2 1234567890129100216     LIB1 USD = 0,90220563 EUR                                                  
0430001087500794EUR2E1234567890128100216  010216DEBIT MENSUEL CB     875    000  07899777 0000000081763M                
0730001    00794EUR2 12345678901  100216                                                  0000000096545K                
0130004    00003EUR2 12345678901  090216                                                  0000000417286M090216100216    
0430004085900003EUR2 1234567890162100216  010216FAC.CIC SGT16009999971208        0098788800000000002891R                
0530004085900003EUR2 1234567890162100216     LIBDONT TVA 2 80EUR                                                        
0430004900200003EUR2 1234567890106100216  100216VIR VISAAAAAA PRO FORMA          0000000000000000001944}                
0430004900200003EUR2 1234567890106100216  100216VIR AGENCE.AAAA JANV             0000000000000000014400}                
0730004    00003EUR2 12345678901  100216                                                  0000000436522L                